<record><leader>00000cas a22000007a 4500</leader><controlfield tag="001">16748268</controlfield><controlfield tag="008">870924d19291947iauwr ne      0    0eng d</controlfield><datafield ind1=" " ind2=" " tag="010"><subfield code="a">sn 87058545 </subfield></datafield><datafield ind1=" " ind2=" " tag="040"><subfield code="a">INP</subfield><subfield code="b">eng</subfield><subfield code="c">INP</subfield><subfield code="d">OCLCQ</subfield></datafield><datafield ind1=" " ind2=" " tag="042"><subfield code="a">msc</subfield></datafield><datafield ind1="0" ind2=" " tag="130"><subfield code="a">Little Rock free lance (Little Rock, Iowa : 1929)</subfield></datafield><datafield ind1="1" ind2="0" tag="245"><subfield code="a">Little Rock free lance.</subfield></datafield><datafield ind1="1" ind2="7" tag="246"><subfield code="a">Free lance</subfield></datafield><datafield ind1=" " ind2=" " tag="260"><subfield code="a">Little Rock, Lyon County, Iowa :</subfield><subfield code="b">Harold E. Randolph,</subfield><subfield code="c">1929-1947.</subfield></datafield><datafield ind1=" " ind2=" " tag="300"><subfield code="a">v.</subfield></datafield><datafield ind1=" " ind2=" " tag="310"><subfield code="a">Weekly</subfield></datafield><datafield ind1="0" ind2=" " tag="362"><subfield code="a">Feb. 28, 1929-52nd year, no. 47 (Jan. 2, 1947).</subfield></datafield><datafield ind1=" " ind2=" " tag="500"><subfield code="a">Publisher varies.</subfield></datafield><datafield ind1=" " ind2=" " tag="752"><subfield code="a">United States</subfield><subfield code="b">Iowa</subfield><subfield code="c">Lyon</subfield><subfield code="d">Little Rock.</subfield></datafield><datafield ind1="0" ind2="7" tag="785"><subfield code="t">Ellsworth herald</subfield><subfield code="w">(OCoLC)1567803</subfield></datafield><datafield ind1="0" ind2="7" tag="785"><subfield code="t">Twin state herald-free lance</subfield><subfield code="w">(DLC)sn 87058546</subfield></datafield></record>